<record><leader>00000cas a22000007a 4500</leader><controlfield tag="001">16835614</controlfield><controlfield tag="008">871009u1983uuuuinuwr ne      0    0eng d</controlfield><datafield ind1=" " ind2=" " tag="010"><subfield code="a">sn 87056388 </subfield></datafield><datafield ind1=" " ind2=" " tag="040"><subfield code="a">NPI</subfield><subfield code="b">eng</subfield><subfield code="c">NPI</subfield><subfield code="d">OCLCQ</subfield></datafield><datafield ind1=" " ind2=" " tag="042"><subfield code="a">msc</subfield></datafield><datafield ind1="0" ind2="0" tag="245"><subfield code="a">News reach.</subfield></datafield><datafield ind1=" " ind2=" " tag="250"><subfield code="a">Elkhart zone.</subfield></datafield><datafield ind1=" " ind2=" " tag="260"><subfield code="a">Goshen, Ind. :</subfield><subfield code="b">[Goshen News],</subfield><subfield code="c">1983-</subfield></datafield><datafield ind1=" " ind2=" " tag="310"><subfield code="a">Weekly</subfield></datafield><datafield ind1="0" ind2=" " tag="362"><subfield code="a">Vol. 1, no. 1 (Apr. 13, 1983)-</subfield></datafield><datafield ind1=" " ind2=" " tag="752"><subfield code="a">United States</subfield><subfield code="b">Indiana</subfield><subfield code="c">Elkhart</subfield><subfield code="d">Elkhart.</subfield></datafield><datafield ind1="1" ind2=" " tag="029"><subfield code="a">AU@</subfield><subfield code="b">000025827833</subfield></datafield></record>